<?xml version="1.0" encoding="UTF-8"?><record xmlns="http://www.loc.gov/MARC21/slim" xmlns:cinclude="http://apache.org/cocoon/include/1.0" xmlns:zs="http://www.loc.gov/zing/srw/">
  <leader>00715cz  a2200145n  4500</leader>
  <controlfield tag="001">n 2012212842</controlfield>
  <controlfield tag="003">DLC</controlfield>
  <controlfield tag="005">20141002133152.0</controlfield>
  <controlfield tag="008">120425n| azannaabn          |a ana      </controlfield>
  <datafield tag="010" ind1=" " ind2=" ">
    <subfield code="a">n 2012212842</subfield>
  </datafield>
  <datafield tag="040" ind1=" " ind2=" ">
    <subfield code="a">DLC</subfield>
    <subfield code="b">eng</subfield>
    <subfield code="e">rda</subfield>
    <subfield code="c">DLC</subfield>
    <subfield code="d">DLC</subfield>
  </datafield>
  <datafield tag="111" ind1="2" ind2=" ">
    <subfield code="a">Arte Serrinha (Art Festival)</subfield>
  </datafield>
  <datafield tag="411" ind1="2" ind2=" ">
    <subfield code="a">Festival de Arte Serrinha</subfield>
  </datafield>
  <datafield tag="411" ind1="2" ind2=" ">
    <subfield code="a">Festival de Inverno (Bragança Paulista, Brazil)</subfield>
  </datafield>
  <datafield tag="670" ind1=" " ind2=" ">
    <subfield code="a">Arte Serrinha, c2011:</subfield>
    <subfield code="b">p. 166 (Festival de Arte Serrinha [art festival held annually at Fazenda Serrinha, Bragança Paulista [SP]) p. 175 (Festival de Inverno, Serrinha, Bragança Paulista, [Aug. 8-28], 2002 [1st ed.]; renamed Festival de Arte Serrinha in 2005) p. 191 (9o Festival de Arte Serrinha; 10 a 31 de julho de 2010)</subfield>
  </datafield>
</record>